@INPROCEEDINGS{imagenet,
  author =       {J. Deng and W. Dong and R. Socher and L. Li and K. Li and Fei-Fei Li},
  title =        {ImageNet: A large-scale hierarchical image database},
  booktitle =    {CVPR},
  year =         2009
}

@ARTICLE{hc_facedtection,
  AUTHOR =       {Chang Huang and Haizhou Ai and Yuan Li and Shihong Lao},
  TITLE =        "High Performance Rotation Invariant Multiview Face Detection",
  JOURNAL =      "IEEE Transactions on Pattern Analysis and Machine Intelligence",
  PAGES =        "671-686",
  VOLUME =       29,
  NUMBER =       4,
  YEAR =         2007,
}

@inproceedings{kinect,
  author =       {Jamie Shotton and Andrew Fitzgibbon and Mat Cook and Toby Sharp and Mark Finocchio and Richard Moore and Alex Kipman and Andrew Blake },
  title =        {Real-time Human Pose Recognition in Parts from Single Depth Images},
  booktitle =    {CVPR},
  year =         2011
}

@TechReport{lfw,
  author =       {Gary B. Huang and Manu Ramesh and Tamara Berg and
                  Erik Learned-Miller},
  title =        {Labeled Faces in the Wild: A Database for Studying
                  Face Recognition in Unconstrained Environments},
  institution =  {University of Massachusetts, Amherst},
  year =         2007,
  number =       {07-49},
  month =        {October}
  }

@inproceedings{cloth_coseg,
author = {A. Gallagher and T. Chen},
title = {Clothing Cosegmentation for Recognizing People},
booktitle = {CVPR},
year = {2008},
}

@inproceedings{tud_crossing,
author = {M. Andriluka and S. Roth and B. Schiele},
title = {People-Tracking-by-Detection and People-Detection-by-Tracking},
booktitle = {CVPR},
year = {2008},
}

@article{brice1970scene,
  title={Scene analysis using regions},
  author={Brice, Claude R and Fennema, Claude L},
  journal={Artificial intelligence},
  volume={1},
  number={3},
  pages={205--226},
  year={1970},
  publisher={Elsevier}
}

@article{pavlidis1977structural,
  title={Structural pattern recognition},
  author={Pavlidis, Theodosios},
  journal={Springer Series in Electrophysics, Berlin: Springer, 1977},
  volume={1},
  year={1977}
}

@article{riseman1977computational,
  title={Computational techniques in the visual segmentation of static scenes},
  author={Riseman, Edward M and Arbib, Michael A},
  journal={Computer Graphics and Image Processing},
  volume={6},
  number={3},
  pages={221--276},
  year={1977},
  publisher={Elsevier}
}

@article{ohlander1978picture,
  title={Picture segmentation using a recursive region splitting method},
  author={Ohlander, Ron and Price, Keith and Reddy, D Raj},
  journal={Computer Graphics and Image Processing},
  volume={8},
  number={3},
  pages={313--333},
  year={1978},
  publisher={Elsevier}
}

@article{rosenfeld1979image,
  title={Image segmentation and image models},
  author={Rosenfeld, Azriel and Davis, Larry S},
  journal={Proceedings of the IEEE},
  volume={67},
  number={5},
  pages={764--772},
  year={1979},
  publisher={IEEE}
}

@article{haralick1985image,
  title={Image segmentation techniques},
  author={Haralick, Robert M and Shapiro, Linda G},
  journal={Computer vision, graphics, and image processing},
  volume={29},
  number={1},
  pages={100--132},
  year={1985},
  publisher={Elsevier}
}

@article{horowitz1976picture,
  title={Picture segmentation by a tree traversal algorithm},
  author={Horowitz, Steven L and Pavlidis, Theodosios},
  journal={Journal of the ACM},
  volume={23},
  number={2},
  pages={368--388},
  year={1976},
  publisher={ACM}
}

@article{pavlidis1990integrating,
  title={Integrating region growing and edge detection},
  author={Pavlidis, Theodosios and Liow, Y-T},
  journal={IEEE Transactions on Pattern Analysis and Machine Intelligence},
  volume={12},
  number={3},
  pages={225--233},
  year={1990},
  publisher={IEEE}
}

@article{leclerc1989constructing,
  title={Constructing simple stable descriptions for image partitioning},
  author={Leclerc, Yvan G},
  journal={International journal of computer vision},
  volume={3},
  number={1},
  pages={73--102},
  year={1989},
  publisher={Springer}
}

@inproceedings{mumford1985boundary,
  title={Boundary detection by minimizing functionals},
  author={Mumford, David and Shah, Jayant},
  booktitle={IEEE Conference on Computer Vision and Pattern Recognition},
  volume={17},
  pages={137--154},
  year={1985},
  organization={San Francisco}
}

@article{ncut,
  title={Normalized cuts and image segmentation},
  author={Shi, Jianbo and Malik, Jitendra},
  journal={IEEE Transactions on Pattern Analysis and Machine Intelligence},
  volume={22},
  number={8},
  pages={888--905},
  year={2000},
  publisher={IEEE}
}

@article{meanshift,
  title={Mean shift: A robust approach toward feature space analysis},
  author={Comaniciu, Dorin and Meer, Peter},
  journal={ IEEE Transactions on Pattern Analysis and Machine Intelligence},
  volume={24},
  number={5},
  pages={603--619},
  year={2002},
  publisher={IEEE}
}

@article{graphseg,
  title={Efficient graph-based image segmentation},
  author={Felzenszwalb, Pedro F and Huttenlocher, Daniel P},
  journal={International Journal of Computer Vision},
  volume={59},
  number={2},
  pages={167--181},
  year={2004},
  publisher={Springer}
}

@article{levelset,
  title={A review of statistical approaches to level set segmentation: integrating color, texture, motion and shape},
  author={Cremers, Daniel and Rousson, Mikael and Deriche, Rachid},
  journal={International journal of computer vision},
  volume={72},
  number={2},
  pages={195--215},
  year={2007},
  publisher={Springer}
}

@inproceedings{ren2008multi,
  title={Multi-scale improves boundary detection in natural images},
  author={Ren, Xiaofeng},
  booktitle={ECCV},
  year={2008},
}

@inproceedings{xiaofeng2012discriminatively,
  title={Discriminatively Trained Sparse Code Gradients for Contour Detection},
  author={Xiaofeng, Ren and Bo, Liefeng},
  booktitle={NIPS},
  year={2012}
}

@inproceedings{dollar2006supervised,
  title={Supervised learning of edges and object boundaries},
  author={Dollar, Piotr and Tu, Zhuowen and Belongie, Serge},
  booktitle={CVPR},
  year={2006},
}

@inproceedings{hariharan2011semantic,
  title={Semantic contours from inverse detectors},
  author={Hariharan, Bharath and Arbel{\'a}ez, Pablo and Bourdev, Lubomir and Maji, Subhransu and Malik, Jitendra},
  booktitle={ICCV},
  year={2011},
}

@article{robustpn,
  title={Robust higher order potentials for enforcing label consistency},
  author={Kohli, Pushmeet and Ladick{\`y}, L’ubor and Torr, Philip HS},
  journal={International Journal of Computer Vision},
  volume={82},
  number={3},
  pages={302--324},
  year={2009},
  publisher={Springer}
}

@inproceedings{hierarchicalcrf,
  title={Associative hierarchical crfs for object class image segmentation},
  author={Ladicky, Lubor and Russell, Chris and Kohli, Pushmeet and Torr, Philip HS},
  booktitle={ICCV},
  year={2009},
}

@inproceedings{dualdecomp,
  title={Beyond pairwise energies: Efficient optimization for higher-order MRFs},
  author={Komodakis, Nikos and Paragios, Nikos},
  booktitle={CVPR},
  year={2009},
}

@inproceedings{sparsehighorder,
  title={Minimizing sparse higher order energy functions of discrete variables},
  author={Rother, Carsten and Kohli, Pushmeet and Feng, Wei and Jia, Jiaya},
  booktitle={CVPR},
  year={2009},
}

@inproceedings{exacthighorder,
  title={Exact inference in multi-label CRFs with higher order cliques},
  author={Ramalingam, Srikumar and Kohli, Pushmeet and Alahari, Karteek and Torr, Philip},
  booktitle={CVPR},
  year={2008},
}

@article{jseg,
  title={Unsupervised segmentation of color-texture regions in images and video},
  author={Deng, Yining and Manjunath, BS},
  journal={IEEE Transactions on Pattern Analysis and Machine Intelligence},
  volume={23},
  number={8},
  pages={800--810},
  year={2001},
  publisher={IEEE}
}

@article{slic,
  title={SLIC Superpixels Compared to State-of-the-art Superpixel Methods},
  author={Achanta, Radhakrishna and Shaji, Appu and Smith, Kevin and Lucchi, Aurélien and Fua, Pascal and Süsstrunk, Sabine},
  journal={IEEE Transactions on Pattern Analysis and Machine Intelligence},
  volume={34},
  number={11},
  pages={2274--2282},
  year={2012},
  publisher={IEEE}
}

@inproceedings{whoblockswho,
  title={Who blocks who: Simultaneous clothing segmentation for grouping images},
  author={Wang, Nan and Ai, Haizhou},
  booktitle={ICCV},
  year={2011},
}

@InProceedings{berkeleyseg,
  author = {D. Martin and C. Fowlkes and D. Tal and J. Malik},
  title = {A Database of Human Segmented Natural Images and its
           Application to Evaluating Segmentation Algorithms and
           Measuring Ecological Statistics},
  booktitle = {ICCV},
  year = {2001},
}

@inproceedings{alpert2007image,
  title={Image segmentation by probabilistic bottom-up aggregation and cue integration},
  author={Alpert, Sharon and Galun, Meirav and Basri, Ronen and Brandt, Achi},
  booktitle={CVPR},
  year={2007},
}

@inproceedings{thingstuff,
  title={Learning spatial context: Using stuff to find things},
  author={Heitz, Geremy and Koller, Daphne},
  booktitle={ECCV},
  year={2008},
}

@article{forsyth1996finding,
  title={Finding pictures of objects in large collections of images},
  author={Forsyth, David and Malik, Jitendra and Fleck, Margaret and Greenspan, Hayit and Leung, Thomas and Belongie, Serge and Carson, Chad and Bregler, Chris},
  journal={Object Representation in Computer Vision II},
  pages={335--360},
  year={1996},
  publisher={Springer}
}

@article{textonboost,
  title={Textonboost for image understanding: Multi-class object recognition and segmentation by jointly modeling texture, layout, and context},
  author={Shotton, Jamie and Winn, John and Rother, Carsten and Criminisi, Antonio},
  journal={IJCV},
  volume={81},
  number={1},
  pages={2--23},
  year={2009},
  publisher={Springer}
}

@inproceedings{stf,
  title={Semantic texton forests for image categorization and segmentation},
  author={Shotton, Jamie and Johnson, Matthew and Cipolla, Roberto},
  booktitle={CVPR},
  year={2008},
}

@inproceedings{structrf,
  title={Structured class-labels in random forests for semantic image labelling},
  author={Kontschieder, Peter and Bul{\'o}, S Rota and Bischof, Horst and Pelillo, Marcello},
  booktitle={ICCV},
  pages={2190--2197},
  year={2011},
  organization={IEEE}
}

@article{superparsing,
  title={Superparsing: scalable nonparametric image parsing with superpixels},
  author={Tighe, Joseph and Lazebnik, Svetlana},
  journal={ECCV},
  pages={352--365},
  year={2010},
  publisher={Springer}
}

@article{sift,
  title={Distinctive image features from scale-invariant keypoints},
  author={Lowe, David G},
  journal={IJCV},
  volume={60},
  number={2},
  pages={91--110},
  year={2004},
  publisher={Springer}
}

@article{gist,
  title={Building the gist of a scene: The role of global image features in recognition},
  author={Oliva, Aude and Torralba, Antonio and others},
  journal={Progress in brain research},
  volume={155},
  pages={23},
  year={2006}
}

@inproceedings{vjdetect,
  title={Rapid object detection using a boosted cascade of simple features},
  author={Viola, Paul and Jones, Michael},
  booktitle={CVPR},
  volume={1},
  pages={I--511},
  year={2001},
  organization={IEEE}
}

@article{dpm,
  title={Object detection with discriminatively trained part-based models},
  author={Felzenszwalb, Pedro F and Girshick, Ross B and McAllester, David and Ramanan, Deva},
  journal={PAMI},
  volume={32},
  number={9},
  pages={1627--1645},
  year={2010},
  publisher={IEEE}
}

@inproceedings{hog,
  title={Histograms of oriented gradients for human detection},
  author={Dalal, Navneet and Triggs, Bill},
  booktitle={CVPR},
  volume={1},
  pages={886--893},
  year={2005},
  organization={IEEE}
}

@inproceedings{poselet,
  title={Poselets: Body part detectors trained using 3d human pose annotations},
  author={Bourdev, Lubomir and Malik, Jitendra},
  booktitle={ICCV},
  pages={1365--1372},
  year={2009},
  organization={IEEE}
}

@inproceedings{ps,
  title={Pictorial structures revisited: People detection and articulated pose estimation},
  author={Andriluka, Mykhaylo and Roth, Stefan and Schiele, Bernt},
  booktitle={CVPR},
  pages={1014--1021},
  year={2009},
  organization={IEEE}
}

@inproceedings{goodparts,
  title={What are good parts for hair shape modeling?},
  author={Wang, Nan and Ai, Haizhou and Tang, Feng},
  booktitle={CVPR},
  pages={662--669},
  year={2012},
  organization={IEEE}
}

@inproceedings{objcut,
  title={Obj cut},
  author={Kumar, M Pawan and Ton, PHS and Zisserman, Andrew},
  booktitle={CVPR},
  volume={1},
  pages={18--25},
  year={2005},
  organization={IEEE}
}

@article{learn2combine,
  title={Learning to combine bottom-up and top-down segmentation},
  author={Levin, Anat and Weiss, Yair},
  journal={ECCV},
  pages={581--594},
  year={2006},
  publisher={Springer}
}

@inproceedings{aeembed,
  title={Object detection and segmentation from joint embedding of parts and pixels},
  author={Maire, Michael and Yu, Stella X and Perona, Pietro},
  booktitle={ICCV},
  pages={2142--2149},
  year={2011},
  organization={IEEE}
}

@inproceedings{layeredobject,
  title={Layered object detection for multi-class segmentation},
  author={Yang, Yi and Hallman, Sam and Ramanan, Deva and Fowlkes, Charless},
  booktitle={CVPR},
  pages={3113--3120},
  year={2010},
  organization={IEEE}
}

@inproceedings{lvlsetseg,
  title={Level-set person segmentation and tracking with multi-region appearance models and top-down shape information},
  author={Horbert, Esther and Rematas, Konstantinos and Leibe, Bastian},
  booktitle={ICCV},
  pages={1871--1878},
  year={2011},
  organization={IEEE}
}

@inproceedings{houghforest,
  title={Class-specific hough forests for object detection},
  author={Gall, Juergen and Lempitsky, Victor},
  booktitle={CVPR},
  pages={1022--1029},
  year={2009},
  organization={IEEE}
}

@inproceedings{salient1,
  title={A unified approach to salient object detection via low rank matrix recovery},
  author={Shen, Xiaohui and Wu, Ying},
  booktitle={CVPR},
  pages={853--860},
  year={2012},
  organization={IEEE}
}

@inproceedings{salient2,
  title={Global contrast based salient region detection},
  author={Cheng, Ming-Ming and Zhang, Guo-Xin and Mitra, Niloy J and Huang, Xiaolei and Hu, Shi-Min},
  booktitle={CVPR},
  pages={409--416},
  year={2011},
  organization={IEEE}
}

@article{salient3,
  title={Context-aware saliency detection},
  author={Goferman, Stas and Zelnik-Manor, Lihi and Tal, Ayellet},
  journal={PAMI},
  volume={34},
  number={10},
  pages={1915--1926},
  year={2012},
  publisher={IEEE}
}

@inproceedings{salient4,
  title={Center-surround divergence of feature statistics for salient object detection},
  author={Klein, Dominik A and Frintrop, Simone},
  booktitle={ICCV},
  pages={2214--2219},
  year={2011},
  organization={IEEE}
}

@inproceedings{pottsmodel,
  title={Interactive graph cuts for optimal boundary \& region segmentation of objects in ND images},
  author={Boykov, Yuri Y and Jolly, M-P},
  booktitle={ICCV},
  volume={1},
  pages={105--112},
  year={2001},
  organization={IEEE}
}

@article{fastgc,
  title={Fast approximate energy minimization via graph cuts},
  author={Boykov, Yuri and Veksler, Olga and Zabih, Ramin},
  journal={PAMI},
  volume={23},
  number={11},
  pages={1222--1239},
  year={2001},
  publisher={IEEE}
}

@article{expmincut,
  title={An experimental comparison of min-cut/max-flow algorithms for energy minimization in vision},
  author={Boykov, Yuri and Kolmogorov, Vladimir},
  journal={PAMI},
  volume={26},
  number={9},
  pages={1124--1137},
  year={2004},
  publisher={IEEE}
}

@article{whatenergy,
  title={What energy functions can be minimized via graph cuts?},
  author={Kolmogorov, Vladimir and Zabin, Ramin},
  journal={PAMI},
  volume={26},
  number={2},
  pages={147--159},
  year={2004},
  publisher={IEEE}
}

@article{robusthighorder,
  title={Robust higher order potentials for enforcing label consistency},
  author={Kohli, Pushmeet and Ladick{\`y}, L’ubor and Torr, Philip HS},
  journal={International Journal of Computer Vision},
  volume={82},
  number={3},
  pages={302--324},
  year={2009},
  publisher={Springer}
}

@inproceedings{shapeguided,
  title={Shape guided object segmentation},
  author={Borenstein, Eran and Malik, Jitendra},
  booktitle={Computer Vision and Pattern Recognition, 2006 IEEE Computer Society Conference on},
  volume={1},
  pages={969--976},
  year={2006},
  organization={IEEE}
}

@inproceedings{tdbu,
  title={Combining top-down and bottom-up segmentation},
  author={Borenstein, Eran and Sharon, Eitan and Ullman, Shimon},
  booktitle={CVPR},
  pages={46--46},
  year={2004},
  organization={IEEE}
}

@article{recursiveseg,
  title={Recursive Segmentation and Recognition Templates for Image Parsing},
  author={Zhu, Long and Chen, Yuanhao and Lin, Yuan and Lin, Chenxi and Yuille, Alan},
  journal={PAMI},
  volume={34},
  number={2},
  pages={359--371},
  year={2012},
  publisher={IEEE}
}

@article{learntd,
  title={Learning and incorporating top-down cues in image segmentation},
  author={He, Xuming and Zemel, Richard and Ray, Debajyoti},
  journal={ECCV},
  pages={338--351},
  year={2006},
  publisher={Springer}
}

@inproceedings{hierarchicalcrf,
  title={Associative hierarchical crfs for object class image segmentation},
  author={Ladicky, Lubor and Russell, Chris and Kohli, Pushmeet and Torr, Philip HS},
  booktitle={ICCV},
  pages={739--746},
  year={2009},
  organization={IEEE}
}

@article{stackedlabel,
  title={Stacked hierarchical labeling},
  author={Munoz, Daniel and Bagnell, J and Hebert, Martial},
  journal={ECCV},
  pages={57--70},
  year={2010},
  publisher={Springer}
}

@inproceedings{harmonypot,
  title={Harmony potentials for joint classification and segmentation},
  author={Gonfaus, Josep M and Boix, Xavier and Van De Weijer, Joost and Bagdanov, Andrew D and Serrat, Joan and Gonzalez, Jordi},
  booktitle={CVPR},
  pages={3280--3287},
  year={2010},
  organization={IEEE}
}

@inproceedings{classaffinity,
  title={Learning class-specific affinities for image labelling},
  author={Batra, Dhruv and Sukthankar, Rahul and Chen, Tsuhan},
  booktitle={CVPR},
  pages={1--8},
  year={2008},
  organization={IEEE}
}

@article{cooccur,
  title={Graph cut based inference with co-occurrence statistics},
  author={Ladicky, Lubor and Russell, Chris and Kohli, Pushmeet and Torr, Philip},
  journal={ECCV},
  pages={239--253},
  year={2010},
  publisher={Springer}
}

@article{labelcost,
  title={Fast approximate energy minimization with label costs},
  author={Delong, Andrew and Osokin, Anton and Isack, Hossam N and Boykov, Yuri},
  journal={International journal of computer vision},
  volume={96},
  number={1},
  pages={1--27},
  year={2012},
  publisher={Springer}
}

@inproceedings{labelorder,
  title={Graph cut with ordering constraints on labels and its applications},
  author={Liu, Xiaoqing and Veksler, Olga and Samarabandu, Jagath},
  booktitle={CVPR},
  pages={1--8},
  year={2008},
  organization={IEEE}
}

@inproceedings{objcoseg,
  title={Object cosegmentation},
  author={Vicente, Sara and Rother, Carsten and Kolmogorov, Vladimir},
  booktitle={CVPR},
  pages={2217--2224},
  year={2011},
  organization={IEEE}
}

@inproceedings{multicoseg,
  title={On multiple foreground cosegmentation},
  author={Kim, Gunhee and Xing, Eric P},
  booktitle={CVPR},
  pages={837--844},
  year={2012},
  organization={IEEE}
}

@inproceedings{topocut,
  title={Enforcing topological constraints in random field image segmentation},
  author={Chen, Chao and Freedman, Daniel and Lampert, Christoph H},
  booktitle={CVPR},
  pages={2089--2096},
  year={2011},
  organization={IEEE}
}

@inproceedings{conncut,
  title={Graph cut based image segmentation with connectivity priors},
  author={Vicente, Sara and Kolmogorov, Vladimir and Rother, Carsten},
  booktitle={CVPR},
  pages={1--8},
  year={2008},
  organization={IEEE}
}

@article{labelcount,
  title={Energy minimization under constraints on label counts},
  author={Lim, Yongsub and Jung, Kyomin and Kohli, Pushmeet},
  journal={ECCV},
  pages={535--551},
  year={2010},
  publisher={Springer}
}

@inproceedings{distcut,
  title={Graph cut segmentation with a global constraint: Recovering region distribution via a bound of the Bhattacharyya measure},
  author={Ayed, Ismail Ben and Chen, Hua-mei and Punithakumar, Kumaradevan and Ross, Ian and Li, Shuo},
  booktitle={CVPR},
  pages={3288--3295},
  year={2010},
  organization={IEEE}
}

@inproceedings{dualdecomp,
  title={MRF optimization via dual decomposition: Message-passing revisited},
  author={Komodakis, Nikos and Paragios, Nikos and Tziritas, Georgios},
  booktitle={ICCV},
  pages={1--8},
  year={2007},
  organization={IEEE}
}

@book{kollerpgm,
  title={Probabilistic graphical models: principles and techniques},
  author={Koller, Daphne and Friedman, Nir},
  year={2009},
  publisher={MIT press}
}

@article{unifiedgm,
  title={Image segmentation with a unified graphical model},
  author={Zhang, Lei and Ji, Qiang},
  journal={PAMI},
  volume={32},
  number={8},
  pages={1406--1425},
  year={2010},
  publisher={IEEE}
}

@book{bp,
  title={Probabilistic reasoning in intelligent systems: networks of plausible inference},
  author={Pearl, Judea},
  year={1988},
  publisher={Morgan Kaufmann}
}

@inproceedings{gbp,
  title={Generalized belief propagation},
  author={Yedidia, Jonathan S and Freeman, William T and Weiss, Yair},
  booktitle={NIPS},
  pages={689--695},
  year={2001},
  publisher={MIT; 1998}
}

@article{gaussianbp,
  title={Correctness of belief propagation in gaussian graphical models of arbitrary topology},
  author={Weiss, Yair and Freeman, William T},
  journal={Neural computation},
  volume={13},
  number={10},
  pages={2173--2200},
  year={2001},
  publisher={MIT Press}
}

@inproceedings{emplbp,
  title={Loopy belief propagation for approximate inference: An empirical study},
  author={Murphy, Kevin P and Weiss, Yair and Jordan, Michael I},
  booktitle={UAI},
  pages={467--475},
  year={1999},
  organization={Morgan Kaufmann Publishers Inc.}
}

@inproceedings{scalablegc,
  title={A scalable graph-cut algorithm for ND grids},
  author={Delong, Andrew and Boykov, Yuri},
  booktitle={Computer Vision and Pattern Recognition, 2008. CVPR 2008. IEEE Conference on},
  pages={1--8},
  year={2008},
  organization={IEEE}
}

@inproceedings{beyondpw,
  title={Beyond pairwise energies: Efficient optimization for higher-order MRFs},
  author={Komodakis, Nikos and Paragios, Nikos},
  booktitle={CVPR},
  pages={2985--2992},
  year={2009},
  organization={IEEE}
}

@inproceedings{sparsehighorder,
  title={Minimizing sparse higher order energy functions of discrete variables},
  author={Rother, Carsten and Kohli, Pushmeet and Feng, Wei and Jia, Jiaya},
  booktitle={CVPR},
  pages={1382--1389},
  year={2009},
  organization={IEEE}
}

@inproceedings{cliqueqpbf,
  title={Higher-order clique reduction in binary graph cut},
  author={Ishikawa, Hiroshi},
  booktitle={CVPR},
  pages={2993--3000},
  year={2009},
  organization={IEEE}
}

@inproceedings{beyondlp,
  title={Beyond loose LP-relaxations: Optimizing MRFs by repairing cycles},
  author={Komodakis, Nikos and Paragios, Nikos},
  booktitle={ECCV},
  pages={806--820},
  year={2008},
  publisher={Springer}
}

@inproceedings{jointsegapp,
  title={Joint optimization of segmentation and appearance models},
  author={Vicente, Sara and Kolmogorov, Vladimir and Rother, Carsten},
  booktitle={ICCV},
  pages={755--762},
  year={2009},
  organization={IEEE}
}

@inproceedings{branchmincut,
  title={Image segmentation by branch-and-mincut},
  author={Lempitsky, Victor and Blake, Andrew and Rother, Carsten},
  booktitle={ECCV},
  pages={15--29},
  year={2008},
  publisher={Springer}
}

@article{structuredsvm,
  title={Large margin methods for structured and interdependent output variables},
  author={Tsochantaridis, Ioannis and Joachims, Thorsten and Hofmann, Thomas and Altun, Yasemin},
  journal={JMLR},
  volume={6},
  number={2},
  pages={1453},
  year={2006},
  publisher={THE MIT PRESS}
}

@inproceedings{m3n,
  title={Max-margin Markov networks},
  author={Roller, Ben Taskar Carlos Guestrin Daphne},
  booktitle={NIPS},
  volume={16},
  pages={25},
  year={2004},
  organization={MIT Press}
}

@article{treestruct,
  title={Approximating discrete probability distributions with dependence trees},
  author={Chow, C and Liu, C},
  journal={Information Theory, IEEE Transactions on},
  volume={14},
  number={3},
  pages={462--467},
  year={1968},
  publisher={IEEE}
}

@inproceedings{mutualcontext,
  title={Modeling mutual context of object and human pose in human-object interaction activities},
  author={Yao, Bangpeng and Fei-Fei, Li},
  booktitle={CVPR},
  pages={17--24},
  year={2010},
  organization={IEEE}
}

@inproceedings{layoutcrf,
  title={The layout consistent random field for recognizing and segmenting partially occluded objects},
  author={Winn, John and Shotton, Jamie},
  booktitle={CVPR},
  volume={1},
  pages={37--44},
  year={2006},
  organization={IEEE}
}

@inproceedings{approxtrain,
  title={Training structural SVMs when exact inference is intractable},
  author={Finley, Thomas and Joachims, Thorsten},
  booktitle={ICML},
  pages={304--311},
  year={2008},
  organization={ACM}
}

@inproceedings{lsvm,
  title={Learning structural svms with latent variables},
  author={Yu, Chun-Nam John and Joachims, Thorsten},
  booktitle={ICML},
  pages={1169--1176},
  year={2009},
  organization={ACM}
}

@inproceedings{gclearn,
  title={Learning CRFs using graph cuts},
  author={Szummer, Martin and Kohli, Pushmeet and Hoiem, Derek},
  booktitle={ECCV},
  pages={582--595},
  year={2008},
  publisher={Springer}
}

@inproceedings{svmseg1,
  title={Kernelized structural svm learning for supervised object segmentation},
  author={Bertelli, Luca and Yu, Tianli and Vu, Diem and Gokturk, Burak},
  booktitle={CVPR},
  pages={2153--2160},
  year={2011},
  organization={IEEE}
}

@inproceedings{piecewisetrain,
  title={Piecewise Training of Undirected Models},
  author={McCallum, A and Sutton, C},
  booktitle={UAI},
  year={2005}
}

@inproceedings{dtf,
  title={Decision tree fields},
  author={Nowozin, Sebastian and Rother, Carsten and Bagon, Shai and Sharp, Toby and Yao, Bangpeng and Kohli, Pushmeet},
  booktitle={ICCV},
  pages={1668--1675},
  year={2011},
  organization={IEEE}
}

@inproceedings{rtf,
  title={Regression Tree Fields—An efficient, non-parametric approach to image labeling problems},
  author={Jancsary, Jeremy and Nowozin, Sebastian and Sharp, Toby and Rother, Carsten},
  booktitle={CVPR},
  pages={2376--2383},
  year={2012},
  organization={IEEE}
}

@article{pseudolikelihood,
  title={Efficiency of pseudolikelihood estimation for simple Gaussian fields},
  author={Besag, Julian},
  journal={Biometrika},
  pages={616--618},
  year={1977},
  publisher={JSTOR}
}

@inproceedings{svmseg2,
  title={Multi-class image segmentation using conditional random fields and global classification},
  author={Plath, Nils and Toussaint, Marc and Nakajima, Shinichi},
  booktitle={ICML},
  pages={817--824},
  year={2009},
  organization={ACM}
}

@inproceedings{svmseg3,
  title={Segmentation propagation in imagenet},
  author={Kuettel, Daniel and Guillaumin, Matthieu and Ferrari, Vittorio},
  booktitle={ECCV},
  pages={459--473},
  year={2012},
  publisher={Springer}
}
